<?xml version="1.0" encoding="UTF-8"?>
<record>
  <leader>00810naa#a2200253#c#4500</leader>
  <controlfield tag="005">20210408144638.0</controlfield>
  <controlfield tag="007">tu</controlfield>
  <controlfield tag="008">020507|1996####xx############|||#|#####c</controlfield>
  <controlfield tag="003">DE-605</controlfield>
  <controlfield tag="001">990126426530206441</controlfield>
  <datafield tag="016" ind1="7" ind2=" ">
    <subfield code="a">1046441573</subfield>
    <subfield code="2">OCoLC</subfield>
  </datafield>
  <datafield tag="035" ind1=" " ind2=" ">
    <subfield code="a">(DE-605)TT000252730</subfield>
  </datafield>
  <datafield tag="040" ind1=" " ind2=" ">
    <subfield code="a">Bm 3</subfield>
    <subfield code="b">ger</subfield>
    <subfield code="c">Bm 3</subfield>
    <subfield code="e">rakwb</subfield>
    <subfield code="d">DE-605</subfield>
  </datafield>
  <datafield tag="041" ind1=" " ind2=" ">
    <subfield code="a">deutsch</subfield>
  </datafield>
  <datafield tag="100" ind1="1" ind2=" ">
    <subfield code="a">Kuske, E.</subfield>
    <subfield code="4">aut</subfield>
  </datafield>
  <datafield tag="245" ind1="1" ind2="0">
    <subfield code="a">Gute Chancen. Stand und Perspektiven der Kombikraftwerkstechnik mit Kohlevergasung.</subfield>
  </datafield>
  <datafield tag="264" ind1=" " ind2="1">
    <subfield code="c">1996</subfield>
  </datafield>
  <datafield tag="035" ind1=" " ind2=" ">
    <subfield code="a">(OCoLC)1046441573</subfield>
  </datafield>
  <datafield tag="964" ind1="0" ind2="s">
    <subfield code="F">030</subfield>
    <subfield code="A">a|1uc||||||17</subfield>
  </datafield>
  <datafield tag="964" ind1="0" ind2="s">
    <subfield code="F">050</subfield>
    <subfield code="A">a|||||||||||||</subfield>
  </datafield>
  <datafield tag="964" ind1="0" ind2="s">
    <subfield code="F">051</subfield>
    <subfield code="A">a|||||||</subfield>
  </datafield>
  <datafield tag="700" ind1="1" ind2=" ">
    <subfield code="a">Schellberg, Wilhelm</subfield>
    <subfield code="d">1880-1937</subfield>
    <subfield code="0">(DE-588)117215481</subfield>
    <subfield code="4">aut</subfield>
    <subfield code="0">https://d-nb.info/gnd/117215481</subfield>
    <subfield code="0">http://viaf.org/viaf/100223623</subfield>
    <subfield code="B">GND-117215481</subfield>
  </datafield>
  <datafield tag="773" ind1="0" ind2="8">
    <subfield code="i">Enthalten in</subfield>
    <subfield code="d"> 1996</subfield>
    <subfield code="w">(DE-600)626249-1</subfield>
  </datafield>
  <datafield tag="500" ind1=" " ind2=" ">
    <subfield code="a">In: Energie Spektr.. - 11 (1996) Nr. 3 S. 18/21 : Abb.; 2 Lit.</subfield>
    <subfield code="9">F:525</subfield>
  </datafield>
  <datafield tag="035" ind1=" " ind2=" ">
    <subfield code="a">(DE-599)HBZTT000252730</subfield>
  </datafield>
  <datafield tag="MBD" ind1=" " ind2=" ">
    <subfield code="M">49HBZ_NETWORK</subfield>
    <subfield code="i">990126426530206441</subfield>
    <subfield code="n">HBZ Network</subfield>
  </datafield>
  <datafield tag="MBD" ind1=" " ind2=" ">
    <subfield code="M">49HBZ_BRIDGE_BDR</subfield>
    <subfield code="i">9925154707508</subfield>
    <subfield code="n">Bibliothek des Ruhrgebiets, Bochum</subfield>
  </datafield>
  <datafield tag="MNG" ind1=" " ind2=" ">
    <subfield code="c">System</subfield>
    <subfield code="f">OTHER</subfield>
    <subfield code="i">marc21</subfield>
    <subfield code="k">01</subfield>
    <subfield code="e">false</subfield>
    <subfield code="d">2024-08-14 04:06:09 Europe/Berlin</subfield>
    <subfield code="g">012642653-HBZ01</subfield>
    <subfield code="j">60</subfield>
    <subfield code="a">import</subfield>
    <subfield code="b">2021-04-05 07:59:18 Europe/Berlin</subfield>
  </datafield>
  <datafield tag="H52" ind1="0" ind2=" ">
    <subfield code="b">BR003</subfield>
    <subfield code="c">S</subfield>
    <subfield code="8">2210018630007508</subfield>
  </datafield>
  <datafield tag="HOL" ind1=" " ind2=" ">
    <subfield code="d">2023-02-16 01:48:14</subfield>
    <subfield code="8">2210018630007508</subfield>
    <subfield code="b">2023-02-16 01:48:14</subfield>
    <subfield code="M">49HBZ_BRIDGE_BDR</subfield>
    <subfield code="g">false</subfield>
    <subfield code="a">System</subfield>
    <subfield code="c">System</subfield>
  </datafield>
  <datafield tag="ITM" ind1=" " ind2=" ">
    <subfield code="H">2210018630007508</subfield>
    <subfield code="x">S</subfield>
    <subfield code="f">BOOK</subfield>
    <subfield code="v">S</subfield>
    <subfield code="p">32</subfield>
    <subfield code="X">System</subfield>
    <subfield code="Y">2002-05-07 02:00:00 Europe/Berlin</subfield>
    <subfield code="M">49HBZ_BRIDGE_BDR</subfield>
    <subfield code="s">1</subfield>
    <subfield code="d">0</subfield>
    <subfield code="V">System</subfield>
    <subfield code="b">61992-10</subfield>
    <subfield code="a">2310018530007508</subfield>
    <subfield code="D">00000000</subfield>
    <subfield code="W">2023-02-16 02:48:15 Europe/Berlin</subfield>
    <subfield code="u">BR003</subfield>
    <subfield code="w">BR003</subfield>
  </datafield>
  <datafield tag="GPN" ind1="1" ind2=" ">
    <subfield code="a">Schellberg, Wilh.</subfield>
    <subfield code="d">1880-1937</subfield>
    <subfield code="A">GND</subfield>
    <subfield code="B">GND-117215481</subfield>
    <subfield code="C">400</subfield>
  </datafield>
  <datafield tag="GPN" ind1="1" ind2=" ">
    <subfield code="a">Schellberg, W.</subfield>
    <subfield code="d">1880-1937</subfield>
    <subfield code="A">GND</subfield>
    <subfield code="B">GND-117215481</subfield>
    <subfield code="C">400</subfield>
  </datafield>
  <datafield tag="GSI" ind1="7" ind2=" ">
    <subfield code="a">117215481</subfield>
    <subfield code="0">http://d-nb.info/gnd/117215481</subfield>
    <subfield code="2">gnd</subfield>
    <subfield code="A">GND</subfield>
    <subfield code="B">GND-117215481</subfield>
    <subfield code="C">024</subfield>
  </datafield>
  <datafield tag="GSI" ind1="7" ind2=" ">
    <subfield code="a">5110475</subfield>
    <subfield code="2">geprishisp</subfield>
    <subfield code="A">GND</subfield>
    <subfield code="B">GND-117215481</subfield>
    <subfield code="C">024</subfield>
  </datafield>
</record>
